%% This BibTeX bibliography file was created using BibDesk.
%% http://bibdesk.sourceforge.net/


%% Created for Cameron at 2015-05-10 14:35:52 -0400 


%% Saved with string encoding Unicode (UTF-8) 



@article{erl,
	Author = {Ackley, David and Littman, Michael},
	Date-Modified = {2015-05-10 18:35:42 +0000},
	Journal = {Artificial life II},
	Pages = {487--509},
	Title = {Interactions between learning and evolution},
	Volume = {10},
	Year = {1991}}
